@article{so2011evaluating,
  title     = {Evaluating the heritability explained by known susceptibility variants: a survey of ten complex diseases},
  author    = {So, Hon-Cheong and Gui, Allen HS and Cherny, Stacey S and Sham, Pak C},
  journal   = {Genetic epidemiology},
  volume    = {35},
  number    = {5},
  pages     = {310--317},
  year      = {2011},
  publisher = {Wiley Online Library}
}